@book{certified,
  title={Certified Programming with Dependent Types: A Pragmatic Introduction to the Coq Proof Assistant},
  author={Chlipala, Adam},
  year={2013},
  publisher={MIT Press}
}

@inproceedings{inductive,
  title={Inductive definitions in the system coq rules and properties},
  author={Paulin-Mohring, Christine},
  booktitle={International Conference on Typed Lambda Calculi and Applications},
  pages={328--345},
  year={1993},
  organization={Springer}
}

@article{coquand,
  title={The calculus of constructions},
  author={Coquand, Thierry and Huet, G{\'e}rard},
  journal={Information and computation},
  volume={76},
  number={2-3},
  pages={95--120},
  year={1988},
  publisher={Elsevier}
}

@article{pirs,
  title={Типы в языках программирования},
  author={Пирс, Бенджамин},
  journal={М.: Лямбда Пресс Добросвет},
  pages={656},
  year={2012}
}

@inproceedings{coq,
  title={Inductively defined types},
  author={Coquand, Thierry and Paulin, Christine},
  booktitle={COLOG-88},
  pages={50--66},
  year={1990},
  organization={Springer}
}

@article{girard,
  title={The system F of variable types, fifteen years later},
  author={Girard, Jean-Yves},
  journal={Theoretical computer science},
  volume={45},
  pages={159--192},
  year={1986},
  publisher={Elsevier}
}

@phdthesis{coquand1986analysis,
  title={An analysis of Girard's paradox},
  author={Coquand, Thierry},
  year={1986},
  school={INRIA}
}
@inproceedings{pfenning,
  title={Inductively defined types in the Calculus of Constructions},
  author={Pfenning, Frank and Paulin-Mohring, Christine},
  booktitle={International Conference on Mathematical Foundations of Programming Semantics},
  pages={209--228},
  year={1989},
  organization={Springer}
}

@inproceedings{pauline,
  title={Inductive definitions in the system coq rules and properties},
  author={Paulin-Mohring, Christine},
  booktitle={International Conference on Typed Lambda Calculi and Applications},
  pages={328--345},
  year={1993},
  organization={Springer}
}

@article{barthe2004type,
  title={Type-based termination of recursive definitions},
  author={Barthe, Gilles and Frade, Maria Joao and Gim{\'e}nez, Eduardo and Pinto, Luis and Uustalu, Tarmo},
  journal={Mathematical Structures in Computer Science},
  volume={14},
  number={1},
  pages={97--141},
  year={2004},
  publisher={Cambridge University Press}
}


@incollection{hofmanndt,
  title={Syntax and semantics of dependent types},
  author={Hofmann, Martin},
  booktitle={Extensional Constructs in Intensional Type Theory},
  pages={13--54},
  year={1997},
  publisher={Springer}
}

@article{ml,
  title={An ML Implementation of the Dependently Typed Lambda Calculus},
  author={Baxter, Samuel},
  year={2014}
}

@book{lectures,
  title={Lectures on the Curry-Howard isomorphism},
  author={S{\o}rensen, Morten Heine and Urzyczyn, Pawel},
  volume={149},
  year={2006},
  publisher={Elsevier}
}

@book{advanced,
  title={Advanced topics in types and programming languages},
  author={Pierce, Benjamin C},
  year={2005},
  publisher={MIT press}
}
@book{msu,
  title={Практикум по математической логике. COQ.},
  author={Крупский, ВН and Кузнецов, СЛ},
  year={2013},
  publisher={Кафедра математической логики и теории алгоритмов}
}

@phdthesis{huet,
  title={The Coq proof assistant: a tutorial: version 8.7.1},
  author={Huet, G{\'e}rard and Kahn, Gilles and Paulin-Mohring, Christine},
  year={2017},
  school={Inria}
}

@article{bertot,
  title={Coq in a Hurry},
  author={Bertot, Yves},
  year={2006}
}